<record><leader>00000cas a2200000 a 4500</leader><controlfield tag="001">8809039</controlfield><controlfield tag="008">820927d186u1880gauwr ne      0    0eng  </controlfield><datafield ind1=" " ind2=" " tag="010"><subfield code="a">sn 82015435 </subfield><subfield code="z">sn 85033998 </subfield></datafield><datafield ind1=" " ind2=" " tag="040"><subfield code="a">DLC</subfield><subfield code="b">eng</subfield><subfield code="c">DLC</subfield><subfield code="d">NPX</subfield><subfield code="d">OCL</subfield><subfield code="d">PPM</subfield><subfield code="d">DLC</subfield><subfield code="d">NLG</subfield><subfield code="d">CNK</subfield><subfield code="d">CVF</subfield><subfield code="d">OCL</subfield><subfield code="d">GUA</subfield><subfield code="d">OCLCO</subfield><subfield code="d">OCLCQ</subfield><subfield code="d">OCLCF</subfield></datafield><datafield ind1=" " ind2=" " tag="012"><subfield code="b">3</subfield></datafield><datafield ind1=" " ind2=" " tag="019"><subfield code="a">12359205</subfield></datafield><datafield ind1="1" ind2=" " tag="029"><subfield code="a">AU@</subfield><subfield code="b">000020225408</subfield></datafield><datafield ind1=" " ind2=" " tag="042"><subfield code="a">pcc</subfield></datafield><datafield ind1=" " ind2=" " tag="043"><subfield code="a">n-us-ga</subfield></datafield><datafield ind1="0" ind2="0" tag="050"><subfield code="a">Newspaper 7488-X</subfield></datafield><datafield ind1="0" ind2=" " tag="130"><subfield code="a">Albany news (Albany, Ga. : 1869)</subfield></datafield><datafield ind1="1" ind2="4" tag="245"><subfield code="a">The Albany news.</subfield></datafield><datafield ind1=" " ind2=" " tag="260"><subfield code="a">Albany, Ga. :</subfield><subfield code="b">C.W. Styles,</subfield><subfield code="c">-[1880]</subfield></datafield><datafield ind1=" " ind2=" " tag="300"><subfield code="a">v. ;</subfield><subfield code="c">68 cm.</subfield></datafield><datafield ind1=" " ind2=" " tag="310"><subfield code="a">Weekly,</subfield><subfield code="b">Apr. 7, 1871-&lt;Sept. 9, 1880&gt;</subfield></datafield><datafield ind1=" " ind2=" " tag="321"><subfield code="a">Semiweekly,</subfield><subfield code="b">&lt;Jan. 5, 1869&gt;-Mar. 31, 1871</subfield></datafield><datafield ind1="1" ind2=" " tag="362"><subfield code="a">Ceased in Sept. 1880.</subfield></datafield><datafield ind1=" " ind2=" " tag="530"><subfield code="a">Also on microfilm: Athens, Ga. : University of Georgia Libraries.</subfield></datafield><datafield ind1=" " ind2=" " tag="580"><subfield code="a">Merged with: Albany advertiser (Albany, Ga. : 1877), to form: Weekly news and advertiser (Albany, Ga.), and: Daily news and advertiser (Albany, Ga.).</subfield></datafield><datafield ind1=" " ind2=" " tag="588"><subfield code="a">Description based on: Vol. 3, no. 2 (Jan. 5, 1869).</subfield></datafield><datafield ind1=" " ind2="0" tag="651"><subfield code="a">Albany (Ga.)</subfield><subfield code="v">Newspapers.</subfield></datafield><datafield ind1=" " ind2="0" tag="651"><subfield code="a">Dougherty County (Ga.)</subfield><subfield code="v">Newspapers.</subfield></datafield><datafield ind1=" " ind2="7" tag="655"><subfield code="a">Newspapers.</subfield><subfield code="2">fast</subfield><subfield code="0">(OCoLC)fst01423814</subfield></datafield><datafield ind1=" " ind2="7" tag="651"><subfield code="a">Georgia</subfield><subfield code="z">Albany.</subfield><subfield code="2">fast</subfield><subfield code="0">(OCoLC)fst01215429</subfield></datafield><datafield ind1=" " ind2="7" tag="651"><subfield code="a">Georgia</subfield><subfield code="z">Dougherty County.</subfield><subfield code="2">fast</subfield><subfield code="0">(OCoLC)fst01211867</subfield></datafield><datafield ind1=" " ind2=" " tag="752"><subfield code="a">United States</subfield><subfield code="b">Georgia</subfield><subfield code="c">Dougherty</subfield><subfield code="d">Albany.</subfield></datafield><datafield ind1="0" ind2="0" tag="780"><subfield code="t">Albany tri-weekly news</subfield><subfield code="w">(DLC)sn 89053578</subfield><subfield code="w">(OCoLC)19744210</subfield></datafield><datafield ind1="1" ind2="7" tag="785"><subfield code="t">Albany advertiser (Albany, Ga. : 1877)</subfield><subfield code="w">(DLC)sn 87090006</subfield><subfield code="w">(OCoLC)15229636</subfield></datafield><datafield ind1="1" ind2="7" tag="785"><subfield code="t">Weekly news and advertiser (Albany, Ga.)</subfield><subfield code="w">(DLC)sn 89053575</subfield><subfield code="w">(OCoLC)19744208</subfield></datafield><datafield ind1="1" ind2="7" tag="785"><subfield code="t">Daily news and advertiser (Albany, Ga.)</subfield><subfield code="w">(DLC)sn 87090001</subfield><subfield code="w">(OCoLC)15229574</subfield></datafield></record>